@misc{tzanetakis_essl_cook_2001,
  author    = "Tzanetakis, George and Essl, Georg and Cook, Perry",
  title     = "Automatic Musical Genre Classification Of Audio Signals",
  url       = "http://ismir2001.ismir.net/pdf/tzanetakis.pdf",
  publisher = "The International Society for Music Information Retrieval",
  year      = "2001"
}

@article{sturm2013gtzan,
  title={The GTZAN dataset: Its contents, its faults, their effects on evaluation, and its future use},
  author={Sturm, Bob L},
  journal={arXiv preprint arXiv:1306.1461},
  year={2013}
}

@inproceedings{ganchev2005comparative,
  title={Comparative evaluation of various MFCC implementations on the speaker verification task},
  author={Ganchev, Todor and Fakotakis, Nikos and Kokkinakis, George},
  booktitle={Proceedings of the SPECOM},
  volume={1},
  number={2005},
  pages={191--194},
  year={2005}
}

@book{lerch2012introduction,
  title={An Introduction to Audio Content Analysis: Applications in Signal Processing and Music Informatics},
  author={Lerch, Alexander},
  year={2012},
  publisher={Wiley-IEEE Press}
}

@Article{seewave,
  title = {Seewave: a free modular tool for sound analysis and synthesis},
  author = {{J. Sueur} and {T. Aubin} and {C. Simonis}},
  year = {2008},
  journal = {Bioacoustics},
  volume = {18},
  pages = {213-226},
}

@Manual{tuneR,
  title = {{tuneR}: Analysis of Music and Speech},
  author = {Uwe Ligges and Sebastian Krey and Olaf Mersmann and Sarah Schnackenberg},
  year = {2023},
  url = {https://CRAN.R-project.org/package=tuneR},
}
